Microsoft Corporation,Unnamed: 1,Unnamed: 2,Back to Main,Unnamed: 4,Unnamed: 5,Unnamed: 6,Unnamed: 7,Unnamed: 8,Unnamed: 9,Unnamed: 10,Unnamed: 11,Unnamed: 12,Unnamed: 13,Unnamed: 14,Unnamed: 15,Unnamed: 16,Unnamed: 17,Unnamed: 18,Unnamed: 19,Unnamed: 20,Unnamed: 21,Unnamed: 22,Unnamed: 23,Unnamed: 24,Unnamed: 25,Unnamed: 26,Unnamed: 27,Unnamed: 28,Unnamed: 29,Unnamed: 30,Unnamed: 31,Unnamed: 32,Unnamed: 33,Unnamed: 34,Unnamed: 35,Unnamed: 36,Unnamed: 37,Unnamed: 38,Unnamed: 39,Unnamed: 40,Unnamed: 41,Unnamed: 42,Unnamed: 43,Unnamed: 44,Unnamed: 45,Unnamed: 46,Unnamed: 47,Unnamed: 48,Unnamed: 49,Unnamed: 50,Unnamed: 51,Unnamed: 52,Unnamed: 53,Unnamed: 54,Unnamed: 55,Unnamed: 56,Unnamed: 57,Unnamed: 58,Unnamed: 59,Unnamed: 60,Unnamed: 61,Unnamed: 62,Unnamed: 63,Unnamed: 64,Unnamed: 65,Unnamed: 66,Unnamed: 67,Unnamed: 68,Unnamed: 69,Unnamed: 70,Unnamed: 71,Unnamed: 72,Unnamed: 73,Unnamed: 74,Unnamed: 75,Unnamed: 76,Unnamed: 77,Unnamed: 78,Unnamed: 79,Unnamed: 80,Unnamed: 81,Unnamed: 82,Unnamed: 83,Unnamed: 84,Unnamed: 85,Unnamed: 86,Unnamed: 87,Unnamed: 88,Unnamed: 89,Unnamed: 90,Unnamed: 91,Unnamed: 92
Quarterly Income Statements,,,,,,,,,,,,,,,,,,,,,,,,,,,,,,,,,,,,,,,,,,,,,,,,,,,,,,,,,,,,,,,,,,,,,,,,,,,,,,,,,,,,,,,,,,,,
"(in millions, except per share amounts)",,,,,,,,,,,,,,,,,,,,,,,,,,,,,,,,,,,,,,,,,,,,,,,,,,,,,,,,,,,,,,,,,,,,,,,,,,,,,,,,,,,,,,,,,,,,
,,,,,,,,,,,,,,,,,,,,,,,,,,,,,,,,,,,,,,,,,,,,,,,,,,,,,,,,,,,,,,,,,,,,,,,,,,,,,,,,,,,,,,,,,,,,
,,,Q3-951,Q4-951,Q1-961,Q2-961,Q3-961,Q4-961,Q1-971,Q2-971,Q3-971,Q4-971,Q1-981,Q2-981,Q3-981,Q4-981,Q1-991,Q2-991,Q3-991,Q4-991,Q1-001,Q2-001,Q3-001,Q4-001,Q1-011,Q2-011,Q3-011,Q4-011,Q1-023,Q2-023,Q3-023,Q4-023,Q1-033,Q2-033,Q3-033,Q4-033,Q1-043,Q2-043,Q3-043,Q4-043,Q1-053,Q2-053,Q3-053,Q4-053,Q1-063,Q2-063,Q3-063,Q4-063,Q1-072,Q2-072,Q3-072,Q4-072,Q1-082,Q2-082,Q3-082,Q4-082,Q1-09,Q2-09,Q3-09,Q4-09,Q1-10,Q2-10,Q3-10,Q4-10,Q1-11,Q2-11,Q3-11,Q4-11,Q1-12,Q2-12,Q3-12,Q4-12,Q1-136,Q2-136,Q3-136,Q4-136,Q1-146,Q2-146,Q3-146,Q4-146,Q1-15,Q2-15,Q3-15,Q4-15,Q1-16,Q2-16,Q3-16,Q4-16,Q1-17,Q2-17,Q3-17,Q4-17
Revenue,,,1627,1662,2085,2287,2311,2367,2405,2808,3365,3358,3334,3792,3984,4152,4193,5195,4595,5764,5384,6112,5656,5804,5766,6550,6403,6577,6126,7741,7245,7253,7746,8541,7835,8065,8215,10153,9175,9292,9189,10818,9620,10161,9741,11837,10900,11804,10811,12542,14398,13371,13762,16367,14454,15837,15061,16629,13648,13099,12920,19022,14503,16039,16195,19953,16428,17367,17372,20885,17407,18059,16008,21456,20489,19896,18529,24519,20403,23382,23201,26470,21729,22180,20379,23796,20531,20614,20453,24090,22090,23317
Cost of revenue,,,355,376,522,566,541,516,482,558,583,547,534,613,640,673,649,788,708,669,712,756,752,782,825,864,899,867,978,1691,1567,1463,1344,2137,1274,1304,1480,2344,1411,1481,1405,1875,1363,1388,1253,2239,2028,2130,1696,3620,2140,3237,2675,3543,2514,2866,2848,3907,2814,2586,2842,3628,2755,3170,3139,4833,3897,3708,3777,5638,3952,4163,4201,5727,4819,5638,5145,8322,5978,7633,8273,10136,7161,7468,7207,9872,7722,7979,7844,9901,8060,8456
      Gross margin,,,1272,1286,1563,1721,1770,1851,1923,2250,2782,2811,2800,3179,3344,3479,3544,4407,3887,5095,4672,5356,4904,5022,4941,5686,5504,5710,5148,6050,5678,5790,6402,6404,6561,6761,6735,7809,7764,7811,7784,8943,8257,8773,8488,9598,8872,9674,9115,8922,12258,10134,11087,12824,11940,12971,12213,12722,10834,10513,10078,15394,11748,12869,13056,15120,12531,13659,13595,15247,13455,13896,11807,15729,15670,14258,13384,16197,14425,15749,14928,16334,14568,14712,13172,13924,12809,12635,12609,14189,14030,14861
Research and development 4,,,219,264,278,305,337,406,417,449,474,523,899,648,611,739,651,715,664,940,813,898,974,1087,956,990,1069,1364,1398,1595,1474,1832,1707,1515,1692,1681,1611,2971,1538,1659,1530,1421,1482,1664,1515,1591,1617,1861,1786,1637,1750,1948,1837,1885,2035,2407,2283,2290,2212,2225,2065,2079,2220,2350,2196,2185,2269,2393,2329,2371,2517,2594,2460,2528,2640,2783,2767,2748,2743,3123,3065,2903,2984,3094,2962,2900,2980,3146,3106,3062,3355,3514
Sales and marketing,,,436,404,514,554,572,545,518,639,639,615,692,764,731,700,685,798,842,913,922,1013,1010,1181,1038,1290,1198,1359,1457,1676,1449,1670,1415,2159,1700,2288,1505,2467,1928,2409,1664,2122,2070,2707,1945,2689,2362,2822,2234,3038,2914,3355,2683,3420,3274,3883,3044,3662,2981,3192,2790,3619,3203,3602,2806,3825,3393,3916,2900,3762,3414,3781,2945,4309,3794,4228,3304,4283,3542,4682,3728,4315,3709,3961,3333,3960,3406,3998,3233,4071,3879,4356
General and administrative 5,,,68,86,63,76,87,90,86,81,101,94,95,106,104,128,101,154,152,308,148,514,185,203,170,212,239,236,286,885,343,329,252,497,425,1252,471,896,3020,610,1096,651,1376,1413,982,661,1005,1110,664,814,983,868,718,1066,2341,1002,887,831,1203,1109,741,1183,1152,987,938,945,1160,1179,1163,1120,1150,1136,1094,1121,1624,1174,979,1197,1166,1335,1151,1097,1091,1272,1084,1038,1140,1301,1045,879,1202,1355
"Impairment, integration, and restructuring",,,0,0,0,0,0,0,0,0,0,0,0,0,0,0,0,0,0,0,0,0,0,0,0,0,0,0,0,0,0,0,0,0,0,0,0,0,0,0,0,0,0,0,0,0,0,0,0,0,0,0,0,0,0,0,0,0,0,0,0,0,0,0,0,0,0,0,0,0,0,6193,0,0,0,0,0,0,0,127,1140,243,190,8438,0,0,0,1110,0,0,0,306
Other expenses (income),,,5,4,4,-23,-4,42,49,46,84,80,0,0,0,0,0,0,0,0,0,0,0,0,0,0,0,0,0,0,0,0,0,0,0,0,0,0,0,0,0,0,0,0,0,0,0,0,0,0,0,0,0,0,0,0,0,0,0,0,0,0,0,0,0,0,0,0,0,0,0,0,0,0,0,0,0,0,0,0,0,0,0,0,0,0,0,0,0,0,0,0
Operating income,,,544,528,704,809,778,768,853,1035,1484,1499,1114,1661,1898,1912,2107,2740,2229,2934,2789,2931,2735,2551,2777,3194,2998,2751,2007,1894,2412,1959,3028,2233,2744,1540,3148,1475,1278,3133,3494,4749,3329,2989,4046,4657,3888,3881,4431,3433,6611,3963,5849,6453,4290,5679,5999,5939,4438,3987,4482,8513,5173,5930,7116,8165,5709,6171,7203,7994,6374,192,5308,7771,7612,6073,6334,7969,6974,6482,5844,7776,6594,-2053,5793,6026,5283,3080,5225,6177,5594,5330
"Other income (expense), net",,,48,65,66,76,86,92,92,105,119,127,88,109,159,176,396,311,720,454,531,760,878,1100,1075,723,660,-2653,-1010,516,728,-631,19,363,453,674,753,837,1001,571,279,420,496,872,506,480,427,377,610,372,360,321,367,367,520,289,-8,-301,-388,155,283,370,168,94,114,332,316,148,103,245,-11,167,226,-1,-9,72,74,-91,-17,95,52,74,-77,297,-280,-171,-247,267,100,186,322,215
Noncontinuing items,,,0,-46,0,0,0,0,0,0,0,0,0,0,0,0,0,0,0,0,0,0,0,0,0,0,0,0,0,0,0,0,0,0,0,0,0,0,0,0,0,0,0,0,0,0,0,0,0,0,0,0,0,0,0,0,0,0,0,0,0,0,0,0,0,0,0,0,0,0,0,0,0,0,0,0,0,0,0,0,0,0,0,0,0,0,0,0,0,0,0,0
Income before income taxes,,,592,547,770,885,864,860,945,1140,1603,1626,1202,1770,2057,2088,2503,3051,2949,3388,3320,3691,3613,3651,3852,3917,3658,98,997,2410,3140,1328,3047,2596,3197,2214,3901,2312,2279,3704,3773,5169,3825,3861,4552,5137,4315,4258,5041,3805,6971,4284,6216,6820,4810,5968,5991,5638,4050,4142,4765,8883,5341,6024,7230,8497,6025,6319,7306,8239,6363,359,5534,7770,7603,6145,6408,7878,6957,6577,5896,7850,6517,-1756,5513,5855,5036,3347,5325,6363,5916,5545
Provision for (benefit from) income taxes,,,196,179,271,310,302,301,331,399,561,569,539,637,720,731,820,1068,1032,1186,1129,1255,1228,1242,1271,1293,1207,33,319,771,1005,425,1006,731,1055,731,1287,763,964,1014,1245,1706,1262,161,1411,1484,1338,1430,1563,1179,2045,1249,1927,2113,422,1671,1618,1464,1073,1097,1191,2221,1335,1506,1820,1863,793,445,1568,1615,1255,851,1068,1393,1548,1180,1164,1320,1297,1965,1356,1987,1532,1439,611,837,1280,225,635,1163,1115,-968
Income (loss) before accounting change,,,396,368,499,575,562,559,614,741,1042,1057,663,1133,1337,1357,1683,1983,1917,2202,2191,2436,2385,2409,2581,2624,2451,65,678,1639,2135,903,2041,1865,2142,1483,2614,1549,1315,2690,2528,3463,2563,3700,3141,3653,2977,2828,3478,2626,4926,3035,4289,4707,4388,4297,4373,4174,2977,3045,3574,6662,4006,4518,5410,6634,5232,5874,5738,6624,5108,-492,4466,6377,6055,4965,5244,6558,5660,4612,4540,5863,4985,-3195,4902,5018,3756,3122,4690,5200,4801,6513
Cumulative effect of accounting change,,,0,0,0,0,0,0,0,0,0,0,0,0,0,0,0,0,0,0,0,0,0,0,-375,0,0,0,0,0,0,0,0,0,0,0,0,0,0,0,0,0,0,0,0,0,0,0,0,0,0,0,0,0,0,0,0,0,0,0,0,0,0,0,0,0,0,0,0,0,0,0,0,0,0,0,0,0,0,0,0,0,0,0,0,0,0,0,0,0,0,0
Net income (loss),,,396,368,499,575,562,559,614,741,1042,1057,663,1133,1337,1357,1683,1983,1917,2202,2191,2436,2385,2409,2206,2624,2451,65,678,1639,2135,903,2041,1865,2142,1483,2614,1549,1315,2690,2528,3463,2563,3700,3141,3653,2977,2828,3478,2626,4926,3035,4289,4707,4388,4297,4373,4174,2977,3045,3574,6662,4006,4518,5410,6634,5232,5874,5738,6624,5108,-492,4466,6377,6055,4965,5244,6558,5660,4612,4540,5863,4985,-3195,4902,5018,3756,3122,4690,5200,4801,6513
Preferred stock dividends,,,0,0,0,0,0,0,0,-1,-7,-7,-7,-7,-7,-7,-7,-7,-7,-7,-7,-6,0,0,0,0,0,0,0,0,0,0,0,0,0,0,0,0,0,0,0,0,0,0,0,0,0,0,0,0,0,0,0,0,0,0,0,0,0,0,0,0,0,0,0,0,0,0,0,0,0,0,0,0,0,0,0,0,0,0,0,0,0,0,0,0,0,0,0,0,0,0
Net income (loss) available for common shareholders,,,396,368,499,575,562,559,614,740,1035,1050,656,1126,1330,1350,1676,1976,1910,2195,2184,2430,2385,2409,2206,2624,2451,65,678,1639,2135,903,2041,1865,2142,1483,2614,1549,1315,2690,2528,3463,2563,3700,3141,3653,2977,2828,3478,2626,4926,3035,4289,4707,4388,4297,4373,4174,2977,3045,3574,6662,4006,4518,5410,6634,5232,5874,5738,6624,5108,-492,4466,6377,6055,4965,5244,6558,5660,4612,4540,5863,4985,-3195,4902,5018,3756,3122,4690,5200,4801,6513
Basic earnings (loss) per share before accounting change,,,0.04,0.04,0.05,0.06,0.06,0.06,0.06,0.08,0.11,0.11,0.07,0.12,0.14,0.14,0.17,0.2,0.19,0.22,0.21,0.24,0.23,0.23,0.24,0.25,0.23,0.01,0.06,0.15,0.2,0.08,0.19,0.17,0.2,0.14,0.24,0.14,0.12,0.25,0.23,0.32,0.24,0.34,0.29,0.35,0.29,0.28,0.35,0.27,0.51,0.32,0.46,0.5,0.47,0.46,0.48,0.47,0.33,0.34,0.4,0.75,0.46,0.52,0.63,0.78,0.62,0.7,0.68,0.79,0.61,-0.06,0.53,0.76,0.72,0.59,0.63,0.79,0.68,0.56,0.55,0.71,0.61,-0.4,0.61,0.63,0.48,0.4,0.6,0.67,0.62,0.84
Diluted earnings (loss) per share before accounting change,,,0.04,0.04,0.05,0.06,0.05,0.05,0.06,0.07,0.1,0.1,0.06,0.11,0.12,0.13,0.15,0.18,0.17,0.2,0.2,0.22,0.22,0.22,0.23,0.24,0.22,0.01,0.06,0.15,0.19,0.08,0.19,0.17,0.2,0.14,0.24,0.14,0.12,0.25,0.23,0.32,0.23,0.34,0.29,0.34,0.29,0.28,0.35,0.26,0.5,0.31,0.45,0.5,0.47,0.46,0.48,0.47,0.33,0.34,0.4,0.74,0.45,0.51,0.62,0.77,0.61,0.69,0.68,0.78,0.6,-0.06,0.53,0.76,0.72,0.59,0.62,0.78,0.68,0.55,0.54,0.71,0.61,-0.4,0.61,0.62,0.47,0.39,0.6,0.66,0.61,0.83
Basic earnings (loss) per share,,,0.04,0.04,0.05,0.06,0.06,0.06,0.06,0.08,0.11,0.11,0.07,0.12,0.14,0.14,0.17,0.2,0.19,0.22,0.21,0.24,0.23,0.23,0.21,0.25,0.23,0.01,0.06,0.15,0.2,0.08,0.19,0.17,0.2,0.14,0.24,0.14,0.12,0.25,0.23,0.32,0.24,0.34,0.29,0.35,0.29,0.28,0.35,0.27,0.51,0.32,0.46,0.5,0.47,0.46,0.48,0.47,0.33,0.34,0.4,0.75,0.46,0.52,0.63,0.78,0.62,0.7,0.68,0.79,0.61,-0.06,0.53,0.76,0.72,0.59,0.63,0.79,0.68,0.56,0.55,0.71,0.61,-0.4,0.61,0.63,0.48,0.4,0.6,0.67,0.62,0.84
Diluted earnings (loss) per share,,,0.04,0.04,0.05,0.06,0.05,0.05,0.06,0.07,0.1,0.1,0.06,0.11,0.12,0.13,0.15,0.18,0.17,0.2,0.2,0.22,0.22,0.22,0.2,0.24,0.22,0.01,0.06,0.15,0.19,0.08,0.19,0.17,0.2,0.14,0.24,0.14,0.12,0.25,0.23,0.32,0.23,0.34,0.29,0.34,0.29,0.28,0.35,0.26,0.5,0.31,0.45,0.5,0.47,0.46,0.48,0.47,0.33,0.34,0.4,0.74,0.45,0.51,0.62,0.77,0.61,0.69,0.68,0.78,0.6,-0.06,0.53,0.76,0.72,0.59,0.62,0.78,0.68,0.55,0.54,0.71,0.61,-0.4,0.61,0.62,0.47,0.39,0.6,0.66,0.61,0.83
,,,,,,,,,,,,,,,,,,,,,,,,,,,,,,,,,,,,,,,,,,,,,,,,,,,,,,,,,,,,,,,,,,,,,,,,,,,,,,,,,,,,,,,,,,,,
      1 Not restated for adoption of the current accounting guidance on stock-based compensation and no recast of gains (losses) on foreign currency remeasurement,,,,,,,,,,,,,,,,,,,,,,,,,,,,,,,,,,,,,,,,,,,,,,,,,,,,,,,,,,,,,,,,,,,,,,,,,,,,,,,,,,,,,,,,,,,,
      2 Recast of gains (losses) on foreign currency remeasurement,,,,,,,,,,,,,,,,,,,,,,,,,,,,,,,,,,,,,,,,,,,,,,,,,,,,,,,,,,,,,,,,,,,,,,,,,,,,,,,,,,,,,,,,,,,,
      3 No recast of gains (losses) on foreign currency remeasurement,,,,,,,,,,,,,,,,,,,,,,,,,,,,,,,,,,,,,,,,,,,,,,,,,,,,,,,,,,,,,,,,,,,,,,,,,,,,,,,,,,,,,,,,,,,,
      4 Includes expensed acquired in-process technology,,,,,,,,,,,,,,,,,,,,,,,,,,,,,,,,,,,,,,,,,,,,,,,,,,,,,,,,,,,,,,,,,,,,,,,,,,,,,,,,,,,,,,,,,,,,
      5 Includes employee severance,,,,,,,,,,,,,,,,,,,,,,,,,,,,,,,,,,,,,,,,,,,,,,,,,,,,,,,,,,,,,,,,,,,,,,,,,,,,,,,,,,,,,,,,,,,,
      6 Certain prior period amounts have been recast to conform to the current period presentation,,,,,,,,,,,,,,,,,,,,,,,,,,,,,,,,,,,,,,,,,,,,,,,,,,,,,,,,,,,,,,,,,,,,,,,,,,,,,,,,,,,,,,,,,,,,
,,,,,,,,,,,,,,,,,,,,,,,,,,,,,,,,,,,,,,,,,,,,,,,,,,,,,,,,,,,,,,,,,,,,,,,,,,,,,,,,,,,,,,,,,,,,
"Information contained in this document is current as of the earnings date July 20, 2017, and not restated for new accounting standards.",,,,,,,,,,,,,,,,,,,,,,,,,,,,,,,,,,,,,,,,,,,,,,,,,,,,,,,,,,,,,,,,,,,,,,,,,,,,,,,,,,,,,,,,,,,,
